<?xml version="1.0" encoding="UTF-8"?><record xmlns="http://www.loc.gov/MARC21/slim" xmlns:cinclude="http://apache.org/cocoon/include/1.0" xmlns:zs="http://www.loc.gov/zing/srw/">
  <leader>00738cz  a2200205n  4500</leader>
  <controlfield tag="001">n  84152642 </controlfield>
  <controlfield tag="003">DLC</controlfield>
  <controlfield tag="005">20130319162738.0</controlfield>
  <controlfield tag="008">840917n| azannaab           |a aaa      </controlfield>
  <datafield tag="010" ind1=" " ind2=" ">
    <subfield code="a">n  84152642 </subfield>
  </datafield>
  <datafield tag="035" ind1=" " ind2=" ">
    <subfield code="a">(Uk)001272333</subfield>
  </datafield>
  <datafield tag="040" ind1=" " ind2=" ">
    <subfield code="a">DLC</subfield>
    <subfield code="b">eng</subfield>
    <subfield code="e">rda</subfield>
    <subfield code="c">DLC</subfield>
    <subfield code="d">DLC</subfield>
    <subfield code="d">Uk</subfield>
    <subfield code="d">DLC</subfield>
  </datafield>
  <datafield tag="046" ind1=" " ind2=" ">
    <subfield code="f">19260412</subfield>
  </datafield>
  <datafield tag="100" ind1="1" ind2=" ">
    <subfield code="a">Phillips, John</subfield>
    <subfield code="q">(John Nova)</subfield>
  </datafield>
  <datafield tag="378" ind1=" " ind2=" ">
    <subfield code="q">John Nova</subfield>
  </datafield>
  <datafield tag="400" ind1="1" ind2=" ">
    <subfield code="a">Phillips, John,</subfield>
    <subfield code="d">1926 April 12-</subfield>
  </datafield>
  <datafield tag="670" ind1=" " ind2=" ">
    <subfield code="a">Jullian, P. Violet Trefusis, 1985, c1976:</subfield>
    <subfield code="b">CIP t.p. (John Phillips)</subfield>
  </datafield>
  <datafield tag="670" ind1=" " ind2=" ">
    <subfield code="a">LC data base, 9-7-84</subfield>
    <subfield code="b">(hdgs.: Phillips, John; Phillips, John Nova; usage: John Phillips)</subfield>
  </datafield>
  <datafield tag="670" ind1=" " ind2=" ">
    <subfield code="a">BNB 1976</subfield>
    <subfield code="b">(Phillips, John, b. 1926)</subfield>
  </datafield>
  <datafield tag="670" ind1=" " ind2=" ">
    <subfield code="a">BL letter from author, pre-20 Oct. 1988</subfield>
    <subfield code="b">(John Nova Phillips, born 12 Apr. 1926)</subfield>
  </datafield>
</record>